<record xmlns="http://www.loc.gov/MARC21/slim" xmlns:xsi="http://www.w3.org/2001/XMLSchema-instance" xsi:schemaLocation="http://www.loc.gov/MARC21/slim http://www.loc.gov/standards/marcxml/schema/MARC21slim.xsd"><leader>02432nam a2200385   4500</leader><controlfield tag="001">3235311</controlfield><controlfield tag="003">NNC</controlfield><controlfield tag="006">m        d        </controlfield><controlfield tag="007">cr cn |||m|||a</controlfield><controlfield tag="008">150110s1837    ua      o     000 0 arard</controlfield><datafield ind1=" " ind2=" " tag="040"><subfield code="a">NNU</subfield><subfield code="b">eng</subfield><subfield code="c">NNU</subfield></datafield><datafield ind1=" " ind2="4" tag="050"><subfield code="a">PJ6101.I135</subfield><subfield code="b">I2</subfield></datafield><datafield ind1="1" ind2=" " tag="100"><subfield code="6">880-01</subfield><subfield code="a">Ibn Hisha&#772;m, &#699;Abd Alla&#772;h ibn Yu&#772;suf,</subfield><subfield code="d">1309-1360.</subfield></datafield><datafield ind1="1" ind2="0" tag="245"><subfield code="6">880-02</subfield><subfield code="a">Sharh&#803; Shudhu&#772;r al-dhahab</subfield><subfield code="h">[electronic resource] /</subfield><subfield code="c">li-Jama&#772;l al-Di&#772;n Abu&#772; &#699;Abd Alla&#772;h Muh&#803;ammad ibn Hisha&#772;m al-Ans&#803;a&#772;ri&#772; ; wa-bi-dhaylihi Mu&#772;qid al-adh&#697;ha&#772;n wa-mawqiz&#803; al-wasna&#772;n wa-mu&#699;jam al-shawa&#772;hid / tamma tarti&#772;buh &#699;ala&#769; yad mudi&#772;r Madrasat al-Alsun bi-al-Azbaki&#772;yah.</subfield></datafield><datafield ind1="3" ind2="0" tag="246"><subfield code="6">880-03</subfield><subfield code="a">Shudhu&#772;r al-dhahab</subfield></datafield><datafield ind1=" " ind2=" " tag="260"><subfield code="6">880-04</subfield><subfield code="a">Bu&#772;la&#772;q :</subfield><subfield code="b">Da&#772;r al-T&#803;iba&#772;&#699;ah</subfield><subfield code="c">1235 [1837]</subfield></datafield><datafield ind1=" " ind2=" " tag="300"><subfield code="a">online resource (194 p.)</subfield></datafield><datafield ind1=" " ind2=" " tag="500"><subfield code="a">Part of the Arabic Collections Online (ACO) project, contributed by Columbia University Libraries.</subfield></datafield><datafield ind1=" " ind2=" " tag="533"><subfield code="a">Electronic reproduction.</subfield><subfield code="b">New York, N.Y. :</subfield><subfield code="c">New York University,</subfield><subfield code="d">2015.</subfield><subfield code="5">NNU</subfield></datafield><datafield ind1=" " ind2="0" tag="650"><subfield code="a">Arabic language</subfield><subfield code="x">Grammar</subfield><subfield code="v">Early works to 1800.</subfield></datafield><datafield ind1=" " ind2="7" tag="650"><subfield code="a">Arabic language</subfield><subfield code="x">Grammar.</subfield><subfield code="2">fast</subfield><subfield code="0">(OCoLC)fst00812341</subfield></datafield><datafield ind1=" " ind2="7" tag="655"><subfield code="a">Early works.</subfield><subfield code="2">fast</subfield><subfield code="0">(OCoLC)fst01411636</subfield></datafield><datafield ind1="2" ind2=" " tag="710"><subfield code="a">Columbia University.</subfield><subfield code="b">Libraries.</subfield></datafield><datafield ind1="0" ind2=" " tag="730"><subfield code="a">Arabic Collections Online.</subfield></datafield><datafield ind1="0" ind2="2" tag="740"><subfield code="6">880-05</subfield><subfield code="a">Mu&#772;qid al-adh&#697;ha&#772;n wa-mawqiz&#803; al-wasna&#772;n</subfield></datafield><datafield ind1="0" ind2="8" tag="776"><subfield code="i">Online version:</subfield><subfield code="a">Ibn Hisha&#772;m, &#699;Abd Alla&#772;h ibn Yu&#772;suf, 1309-1360.</subfield><subfield code="t">Sharh&#803; Shudhu&#772;r al-dhahab.</subfield><subfield code="d">Bu&#772;la&#772;q : Da&#772;r al-T&#803;iba&#772;&#699;ah 1235 [1837]</subfield><subfield code="w">(OCoLC)891669584</subfield></datafield><datafield ind1="0" ind2="8" tag="776"><subfield code="i">Print version:</subfield><subfield code="a">Ibn Hisha&#772;m, &#699;Abd Alla&#772;h ibn Yu&#772;suf, 1309-1360.</subfield><subfield code="t">Sharh&#803; Shudhu&#772;r al-dhahab</subfield><subfield code="w">(NNC)3235311</subfield><subfield code="w">(OCoLC)44878513</subfield></datafield><datafield ind1="4" ind2="0" tag="856"><subfield code="u">http://hdl.handle.net/2333.1/crjdfpzb</subfield></datafield><datafield ind1="1" ind2=" " tag="880"><subfield code="6">100-01/r</subfield><subfield code="a">&#1575;&#1576;&#1606; &#1607;&#1588;&#1575;&#1605;&#1548; &#1593;&#1576;&#1583; &#1575;&#1604;&#1604;&#1607; &#1576;&#1606; &#1610;&#1608;&#1587;&#1601;&#1548; </subfield><subfield code="d">1309-1360.</subfield></datafield><datafield ind1="1" ind2="0" tag="880"><subfield code="6">245-02/r</subfield><subfield code="a">&#1588;&#1585;&#1581; &#1588;&#1584;&#1608;&#1585; &#1575;&#1604;&#1584;&#1607;&#1576; /</subfield><subfield code="c">&#1604;&#1580;&#1605;&#1575;&#1604; &#1575;&#1604;&#1583;&#1610;&#1606; &#1575;&#1576;&#1608; &#1593;&#1576;&#1583; &#1575;&#1604;&#1604;&#1607; &#1605;&#1581;&#1605;&#1583; &#1576;&#1606; &#1607;&#1588;&#1575;&#1605; &#1575;&#1604;&#1575;&#1606;&#1589;&#1575;&#1585;&#1610; &#1563; &#1608;&#1576;&#1584;&#1610;&#1604;&#1607; &#1605;&#1608;&#1602;&#1583; &#1575;&#1604;&#1575;&#1584;&#1607;&#1575;&#1606; &#1608;&#1605;&#1608;&#1602;&#1592; &#1575;&#1604;&#1608;&#1587;&#1606;&#1575;&#1606; &#1608;&#1605;&#1593;&#1580;&#1605; &#1575;&#1604;&#1588;&#1608;&#1575;&#1607;&#1583; / &#1578;&#1605; &#1578;&#1585;&#1578;&#1610;&#1576;&#1607; &#1593;&#1604;&#1609; &#1610;&#1583; &#1605;&#1583;&#1610;&#1585; &#1605;&#1583;&#1585;&#1587;&#1577; &#1575;&#1604;&#1575;&#1604;&#1587;&#1606; &#1576;&#1575;&#1604;&#1571;&#1586;&#1576;&#1603;&#1610;&#1577;.</subfield></datafield><datafield ind1="3" ind2="0" tag="880"><subfield code="6">246-03/r</subfield><subfield code="a">&#1588;&#1584;&#1608;&#1585; &#1575;&#1604;&#1584;&#1607;&#1576;</subfield></datafield><datafield ind1=" " ind2=" " tag="880"><subfield code="6">260-04/r</subfield><subfield code="a">&#1576;&#1608;&#1604;&#1575;&#1602; :</subfield><subfield code="b">&#1583;&#1575;&#1585; &#1575;&#1604;&#1591;&#1576;&#1575;&#1593;&#1577;</subfield><subfield code="c">1235 [1837]</subfield></datafield><datafield ind1="0" ind2="2" tag="880"><subfield code="6">740-05/r</subfield><subfield code="a">&#1605;&#1608;&#1602;&#1583; &#1575;&#1604;&#1575;&#1584;&#1607;&#1575;&#1606; &#1608;&#1605;&#1608;&#1602;&#1592; &#1575;&#1604;&#1608;&#1587;&#1606;&#1575;&#1606;</subfield></datafield><datafield ind1=" " ind2=" " tag="959"><subfield code="a">NNU</subfield><subfield code="b">WEB</subfield><subfield code="c">GENI</subfield><subfield code="t">0</subfield><subfield code="m">Electronic access</subfield><subfield code="s">01</subfield></datafield><datafield ind1=" " ind2=" " tag="999"><subfield code="i">NNC_3235311</subfield><subfield code="o">(OCoLC)44878513</subfield></datafield></record>